<record><leader>00000cas a22000007a 4500</leader><controlfield tag="001">18851195</controlfield><controlfield tag="008">881207d18831912paudn ne      0   a0eng d</controlfield><datafield ind1=" " ind2=" " tag="010"><subfield code="a">sn 89077722 </subfield></datafield><datafield ind1=" " ind2=" " tag="040"><subfield code="a">NPH</subfield><subfield code="b">eng</subfield><subfield code="c">NPH</subfield><subfield code="d">OCLCQ</subfield><subfield code="d">DLC</subfield></datafield><datafield ind1="0" ind2=" " tag="022"><subfield code="a">2469-3367</subfield><subfield code="2">1</subfield></datafield><datafield ind1=" " ind2=" " tag="042"><subfield code="a">msc</subfield><subfield code="a">nsdp</subfield></datafield><datafield ind1="1" ind2="0" tag="050"><subfield code="a">ISSN RECORD</subfield></datafield><datafield ind1="1" ind2="0" tag="082"><subfield code="a">071</subfield><subfield code="2">23</subfield></datafield><datafield ind1=" " ind2="4" tag="222"><subfield code="a">The Reading daily news</subfield></datafield><datafield ind1="0" ind2="4" tag="245"><subfield code="a">The Reading daily news.</subfield></datafield><datafield ind1="1" ind2="7" tag="246"><subfield code="a">News</subfield></datafield><datafield ind1=" " ind2=" " tag="260"><subfield code="a">Reading, Pa. :</subfield><subfield code="b">Wm. S. Ritter,</subfield><subfield code="c">1883-</subfield></datafield><datafield ind1=" " ind2=" " tag="300"><subfield code="a">v. :</subfield><subfield code="b">ill. (chiefly advertisements) ;</subfield><subfield code="c">62 cm.</subfield></datafield><datafield ind1=" " ind2=" " tag="310"><subfield code="a">Daily (except Sun.)</subfield></datafield><datafield ind1="0" ind2=" " tag="362"><subfield code="a">Vol. 7, no. 1 (May 1, 1883)-</subfield></datafield><datafield ind1="1" ind2=" " tag="362"><subfield code="a">Ceased in 1912.</subfield></datafield><datafield ind1=" " ind2=" " tag="580"><subfield code="a">Published at same office as: Reading Adler.</subfield></datafield><datafield ind1=" " ind2=" " tag="752"><subfield code="a">United States</subfield><subfield code="b">Pennsylvania</subfield><subfield code="c">Berks</subfield><subfield code="d">Reading.</subfield></datafield><datafield ind1="0" ind2=" " tag="775"><subfield code="t">Reading weekly news</subfield><subfield code="x">2469-3383</subfield><subfield code="w">(DLC)sn 89077691</subfield><subfield code="w">(OCoLC)18853968</subfield></datafield><datafield ind1="0" ind2="0" tag="780"><subfield code="t">News (Reading, Pa.)</subfield><subfield code="x">2469-3375</subfield><subfield code="w">(DLC)sn 89077692</subfield><subfield code="w">(OCoLC)18545041</subfield></datafield><datafield ind1="0" ind2="0" tag="785"><subfield code="t">Reading news</subfield><subfield code="x">2469-3359</subfield><subfield code="w">(DLC)sn 89077693</subfield><subfield code="w">(OCoLC)18997518</subfield></datafield><datafield ind1="1" ind2=" " tag="787"><subfield code="t">Reading Adler</subfield><subfield code="x">2469-3391</subfield><subfield code="w">(DLC)sn 84026340</subfield><subfield code="w">(OCoLC)10405360</subfield></datafield></record>